<?xml version="1.0" encoding="UTF-8"?><record xmlns="http://www.loc.gov/MARC21/slim" xmlns:cinclude="http://apache.org/cocoon/include/1.0" xmlns:zs="http://www.loc.gov/zing/srw/">
  <leader>00431cz  a2200121n  4500</leader>
  <controlfield tag="001">n  82072708 </controlfield>
  <controlfield tag="003">DLC</controlfield>
  <controlfield tag="005">20141208105547.0</controlfield>
  <controlfield tag="008">820526n| azannaab           |n aaa     c</controlfield>
  <datafield tag="010" ind1=" " ind2=" ">
    <subfield code="a">n  82072708 </subfield>
  </datafield>
  <datafield tag="040" ind1=" " ind2=" ">
    <subfield code="a">InU</subfield>
    <subfield code="b">eng</subfield>
    <subfield code="e">rda</subfield>
    <subfield code="c">DLC</subfield>
    <subfield code="d">DLC</subfield>
  </datafield>
  <datafield tag="100" ind1="1" ind2=" ">
    <subfield code="a">Henry, Benjamin G.</subfield>
  </datafield>
  <datafield tag="670" ind1=" " ind2=" ">
    <subfield code="a">His Functional attributes of teacher centers as perceived by various role incumbents in selected midwestern educational settings, 1981:</subfield>
    <subfield code="b">t.p. (Benjamin G. Henry)</subfield>
  </datafield>
</record>